@misc{ukpabi2023framework,
      title={Framework for understanding quantum computing use cases from a multidisciplinary perspective and future research directions}, 
      author={Dandison Ukpabi and Heikki Karjaluoto and Astrid Bötticher and Anastasija Nikiforova and Dragoş Petrescu and Paulina Schindler and Visvaldis Valtenbergs and Lennard Lehmann and Abuzer Yakaryilmaz},
      year={2023},
      eprint={2212.13909},
      archivePrefix={arXiv},
      primaryClass={physics.soc-ph},
}

@online{qcvc,
  author = {Andy Matuschak and Michael A. Nielsen},
  title = {Quantum Computing for the Very Curious},
  url = {https://quantum.country/qcvc},
  location = {San Francisco},
  year = {2019},
}

@article{watzke2022,
  author = {Megan Watzke and Molly Porter},
  title = {New NASA Black Hole Sonifications with a Remix},
  url = {https://www.nasa.gov/mission_pages/chandra/news/new-nasa-black-hole-sonifications-with-a-remix.html},
  date = {2022-05-04},
  year = {2022},
}

@misc{smith2022,
  author = {Walker Smith},
  title = {The Sound of Molecules},
  url = {https://youtu.be/b3e7W1ak2BQ},
  date = {2021-12-13},
  year = {2021},
}

% TODO: Galileo Galelei harmony of the spheres music

@article{rodgers1979,
 ISSN = {00030996},
 URL = {http://www.jstor.org/stable/27849220},
 author = {John Rodgers and Willie Ruff},
 journal = {American Scientist},
 number = {3},
 pages = {286--292},
 publisher = {Sigma Xi, The Scientific Research Society},
 title = {Kepler's Harmony of the World: A Realization for the Ear: Three and a half centuries after their conception, Kepler's data plotting the harmonic movement of the planets have been realized in sound with the help of modern astronomical knowledge and a computer-sound synthesizer},
 urldate = {2023-07-12},
 volume = {67},
 year = {1979}
}



@misc{qiskit,
    author = {{Qiskit contributors}},
    title = {Qiskit: An Open-source Framework for Quantum Computing},
    year = {2023},
    doi = {10.5281/zenodo.2573505},
}

@misc{microqiskit,
  author = {{MicroQiskit contributors}},
  title = {MicroQiskit},
  year = {2021},
  url = {https://github.com/qiskit-community/MicroQiskit},
}

@misc{maxmsp,
  institution = {Cycling74},
  title = {Max},
  url = {https://cycling74.com/products/max},
}

@manual{qiskitalgos,
  author = {John Watrous},
  organization = {{Qiskit}},
  title = {Fundamentals of quantum algorithms},
  booktitle = {Understanding quantum information and computation},
  url = {https://qiskit.org/learn/course/fundamentals-quantum-algorithms/}
}

@manual{qiskitstatevectordocs,
  author = {{Qiskit Development Team}},
  title = {Statevector},
  url = {https://qiskit.org/documentation/stubs/qiskit.quantum_info.Statevector.html},
  year = {2023},
}

@misc{pythonlang,
  institution = {Python Software Foundation},
  title = {Python},
  url = {python.org},
}

@misc{googlecolab,
  institution = {Google},
  title = {Google Colaboratory},
  url = {https://colab.google},
}

@misc{midi1spec,
  institution = {The MIDI Manufacturers Association},
  title = {MIDI 1.0 Detailed Specification},
  year = {1996},
  editor = {The MIDI Manufacturers Association},
  version = {4.2.1},
}

@misc{logicpro,
  publisher = {{Apple}},
  author = {{Apple}},
  title = {Logic Pro},
  url = {https://www.apple.com/logic-pro/},
  version = {10.7.9},
  year = {2023},
}

@misc{bitwigstudio,
  publisher = {(Bitwig GmbH)},
  author = {{Bitwig GmbH}},
  title = {Bitwig Studio},
  year = {2023},
  url = {https://www.bitwig.com/},
  version = {5.0},
}

@incollection{Hamido_2022,
	doi = {10.1007/978-3-031-13909-3_8},
  
	url = {https://doi.org/10.1007%2F978-3-031-13909-3_8},
  
	year = 2022,
	publisher = {Springer International Publishing},
  
	pages = {159--195},
  
	author = {Omar Costa Hamido},
  
	title = {{QAC}: Quantum-Computing Aided Composition},
  
	booktitle = {Quantum Computer Music}
}

@misc{qmuvi,
  author = {Gary Mooney and Harish Vallury},
  url = {https://garymooney.github.io/qmuvi},
  year = {2023},
  title = {qMuVi},
}

@misc{kulkarni2001,
  author = {Sanjeev R. Kulkarni},
  year = {2001},
  title = {The Human Auditory and Visual Systems},
  booktitle = {Lecture Notes for ELE201 Introduction to Electrical Signals and Systems},
}

@misc{smyth2019,
  author = {Tamara Smyth},
  year = 2019,
  title = {Music 175: Loudness},
  url = {http://musicweb.ucsd.edu/~trsmyth/loudness175/loudness175_4up.pdf},
}

@article{q1synth,
  author = {Miranda, Eduardo and Thomas, Peter and Itaboraí, Paulo},
  year = {2023},
  month = {02},
  pages = {2386},
  title = {Q1Synth: A Quantum Computer Musical Instrument},
  volume = {13},
  journal = {Applied Sciences},
  doi = {10.3390/app13042386}
}

@online{qmdistilled,
  author = {Andy Matuschak and Michael A. Nielsen},
  title = {Quantum Mechanics Distilled},
  url = {https://quantum.country/qm},
  location = {San Francisco},
  year = {2020},
}

@article{faghih2014,
  author = {Faghih, Behnam and Azadehfar, Mohammad and Katebi, Seraj},
  year = {2014},
  month = {01},
  title = {User Interface Design for E-Learning Software},
  doi = {10.48550/arXiv.1401.6365}
}
